<?xml version="1.0" encoding="utf-8"?>
<record xmlns="http://www.loc.gov/MARC21/slim" xmlns:xsi="http://www.w3.org/2001/XMLSchema-instance" xsi:schemaLocation="http://www.loc.gov/MARC21/slim http://www.loc.gov/standards/marcxml/schema/MARC21slim.xsd">
	<leader>     nam a22     Mi 4500</leader>
	<controlfield tag="001">b12689257</controlfield>
	<controlfield tag="003">UaCaAUL</controlfield>
	<controlfield tag="006">m        d        </controlfield>
	<controlfield tag="007">cr cn |||m|||a</controlfield>
	<controlfield tag="008">191001s1894    ua c    o     000 0bara d</controlfield>
	<datafield ind1=" " ind2=" " tag="040">
		<subfield code="a">ZYU</subfield>
		<subfield code="b">ara</subfield>
		<subfield code="e">rda</subfield>
		<subfield code="c">ZYU</subfield>
	</datafield>
	<datafield ind1=" " ind2="4" tag="050">
		<subfield code="a">DT102.A5</subfield>
		<subfield code="b">.A35x 1894</subfield>
	</datafield>
	<datafield ind1="0" ind2=" " tag="100">
		<subfield code="6">880-01</subfield>
		<subfield code="a">ʻAlī Mubārak,</subfield>
		<subfield code="c">Bāshā,</subfield>
		<subfield code="d">1823 or 1824-1893.</subfield>
	</datafield>
	<datafield ind1="1" ind2="0" tag="240">
		<subfield code="6">880-02</subfield>
		<subfield code="a">Khiṭaṭ al-Tawfīqīyah al-jadīdah li-Miṣr al-Qāhirah wa-mudunihā wa-bilādihā al-qadīmah wa-al-shahīrah.</subfield>
		<subfield code="k">Selections</subfield>
	</datafield>
	<datafield ind1="1" ind2="0" tag="245">
		<subfield code="6">880-03</subfield>
		<subfield code="a">Tārīkh ḥayāt al-maghfūr la-hu ʻAlī Mubārak Bāshā /</subfield>
		<subfield code="c">istakhrajahā al-Duktūr Muḥammad Bik Durrī al-ḥakīm min kitāb al-Khiṭaṭ al-tawfīqīyah al-maṭbūʻ fī sanat 1306 H.</subfield>
	</datafield>
	<datafield ind1=" " ind2=" " tag="260">
		<subfield code="6">880-04</subfield>
		<subfield code="a">Miṣr :</subfield>
		<subfield code="b">al-Maṭbaʻah al-Ṭibbīyah al-Durrīyah,</subfield>
		<subfield code="c">1311 H.,1894 M.</subfield>
	</datafield>
	<datafield ind1=" " ind2=" " tag="300">
		<subfield code="a">online resource (63 pages) :</subfield>
		<subfield code="b">portrait</subfield>
	</datafield>
	<datafield ind1=" " ind2=" " tag="336">
		<subfield code="a">text</subfield>
		<subfield code="2">rdacontent</subfield>
	</datafield>
	<datafield ind1=" " ind2=" " tag="337">
		<subfield code="a">computer</subfield>
		<subfield code="2">rdamedia</subfield>
	</datafield>
	<datafield ind1=" " ind2=" " tag="338">
		<subfield code="a">online resource</subfield>
		<subfield code="2">rdacarrier</subfield>
	</datafield>
	<datafield ind1=" " ind2=" " tag="500">
		<subfield code="a">Part of the Arabic Collections Online (ACO) project, contributed by American University in Cairo Library.</subfield>
	</datafield>
	<datafield ind1=" " ind2=" " tag="533">
		<subfield code="a">Electronic reproduction.</subfield>
		<subfield code="b">New York, N.Y. :</subfield>
		<subfield code="c">New York University,</subfield>
		<subfield code="d">2019.</subfield>
		<subfield code="5">NNU</subfield>
	</datafield>
	<datafield ind1="0" ind2="0" tag="600">
		<subfield code="6">880-05</subfield>
		<subfield code="a">ʻAlī Mubārak,</subfield>
		<subfield code="c">Bāshā,</subfield>
		<subfield code="d">1823 or 1824-1893.</subfield>
	</datafield>
	<datafield ind1="0" ind2="7" tag="600">
		<subfield code="a">ʻAlī Mubārak,</subfield>
		<subfield code="c">Bāshā,</subfield>
		<subfield code="d">1823 or 1824-1893.</subfield>
		<subfield code="2">fast</subfield>
		<subfield code="0">(OCoLC)fst01804114</subfield>
	</datafield>
	<datafield ind1="1" ind2=" " tag="700">
		<subfield code="6">880-06</subfield>
		<subfield code="a">Durrī, Muḥammad.</subfield>
	</datafield>
	<datafield ind1="2" ind2=" " tag="710">
		<subfield code="a">American University in Cairo.</subfield>
		<subfield code="b">Library.</subfield>
	</datafield>
	<datafield ind1="0" ind2=" " tag="730">
		<subfield code="a">Arabic Collections Online.</subfield>
	</datafield>
	<datafield ind1="0" ind2="8" tag="776">
		<subfield code="i">Online version:</subfield>
		<subfield code="a">ʻAlī Mubārak, Bāshā, 1823 or 4-1893.</subfield>
		<subfield code="s">Khiṭaṭ al-Tawfīqīyah al-jadīdah li-Miṣr al-Qāhirah wa-mudunihā wa-bilādihā al-qadīmah wa-al-shahīrah. Selections.</subfield>
		<subfield code="t">Tārīkh ḥayāt al-maghfūr la-hu ʻAlī Mubārak Bāshā.</subfield>
		<subfield code="d">Miṣr : al-Maṭbaʻah al-Ṭibbīyah al-Durrīyah, 1311[1894 i.e1893]</subfield>
		<subfield code="w">(OCoLC)663743977</subfield>
	</datafield>
	<datafield ind1="0" ind2="8" tag="776">
		<subfield code="i">Print version:</subfield>
		<subfield code="a">ʻAlī Mubārak, Bāshā, 1823 or 1824-1893.</subfield>
		<subfield code="t">Tārīkh ḥayāt al-maghfūr la-hu ʻAlī Mubārak Bāshā</subfield>
		<subfield code="w">(UaCaAUL)b12689257</subfield>
		<subfield code="w">(OCoLC)123318923</subfield>
	</datafield>
	<datafield ind1="4" ind2="0" tag="856">
		<subfield code="u">http://hdl.handle.net/2333.1/02v6x5kb</subfield>
	</datafield>
	<datafield ind1="0" ind2=" " tag="880">
		<subfield code="6">100-01</subfield>
		<subfield code="a">علي مبارك،</subfield>
		<subfield code="c">باشا.</subfield>
	</datafield>
	<datafield ind1="1" ind2="0" tag="880">
		<subfield code="6">240-02</subfield>
		<subfield code="a">خطط التوفيقية الجديدة لمصر القاهرة ومدنها وبلادها القديمة والشهيرة.</subfield>
		<subfield code="k">مختارات</subfield>
	</datafield>
	<datafield ind1="1" ind2="0" tag="880">
		<subfield code="6">245-03</subfield>
		<subfield code="a">تاريخ حياة المغفور له علي مبارك باشا /</subfield>
		<subfield code="c">استخرجها الدكتور محمد بك دري الحكيم من كتاب الخطط لبتوفيقية المطبوع في سنة 1306 هـ.</subfield>
	</datafield>
	<datafield ind1=" " ind2=" " tag="880">
		<subfield code="6">260-04</subfield>
		<subfield code="a">مصر :</subfield>
		<subfield code="b">المطبعة الطبية الدرية،</subfield>
		<subfield code="c">1311 هـ، 1894 م.</subfield>
	</datafield>
	<datafield ind1="0" ind2="4" tag="880">
		<subfield code="6">600-05</subfield>
		<subfield code="a">على مبارك،</subfield>
		<subfield code="c">باشا،,</subfield>
		<subfield code="d">1823 or-1893.</subfield>
	</datafield>
	<datafield ind1="1" ind2=" " tag="880">
		<subfield code="6">700-06</subfield>
		<subfield code="a">دري، محمد.</subfield>
	</datafield>
	<datafield ind1=" " ind2=" " tag="959">
		<subfield code="a">NNU</subfield>
		<subfield code="b">WEB</subfield>
		<subfield code="c">GENI</subfield>
		<subfield code="t">0</subfield>
		<subfield code="m">Electronic access</subfield>
		<subfield code="s">01</subfield>
	</datafield>
	<datafield ind1=" " ind2=" " tag="999">
		<subfield code="i">UaCaAUL_b12689257</subfield>
		<subfield code="o">(OCoLC)ocn123318923</subfield>
		<subfield code="s">auc_aco000635</subfield>
	</datafield>
</record>
